@book{Kodaira06,
    AUTHOR = {Morrow, James and Kodaira, Kunihiko},
     TITLE = {Complex manifolds},
      NOTE = {Reprint of the 1971 edition with errata},
 PUBLISHER = {AMS Chelsea Publishing, Providence, RI},
      YEAR = {2006},
     PAGES = {x+194},
      ISBN = {0-8218-4055-X},
   MRCLASS = {32-01},
  MRNUMBER = {2214741},
       DOI = {10.1090/chel/355},
       URL = {https://doi.org/10.1090/chel/355},
}
@book{Hirzebruch95,
    AUTHOR = {Hirzebruch, Friedrich},
     TITLE = {Topological methods in algebraic geometry},
    SERIES = {Classics in Mathematics},
   EDITION = {English},
      NOTE = {Translated from the German and Appendix One by R. L. E.
              Schwarzenberger,
              Appendix Two by A. Borel,
              Reprint of the 1978 edition},
 PUBLISHER = {Springer-Verlag, Berlin},
      YEAR = {1995},
     PAGES = {xii+234},
      ISBN = {3-540-58663-6},
   MRCLASS = {57-02 (01A75 14-02)},
  MRNUMBER = {1335917},
}
@book{G-H,
    AUTHOR = {Griffiths, Phillip and Harris, Joseph},
     TITLE = {Principles of algebraic geometry},
    SERIES = {Wiley Classics Library},
      NOTE = {Reprint of the 1978 original},
 PUBLISHER = {John Wiley \& Sons, Inc., New York},
      YEAR = {1994},
     PAGES = {xiv+813},
      ISBN = {0-471-05059-8},
   MRCLASS = {14-01},
  MRNUMBER = {1288523},
       DOI = {10.1002/9781118032527},
       URL = {https://doi.org/10.1002/9781118032527},
}